@BOOK{aigner:2010,
  AUTHOR = {Aigner, Martin and Ziegler, Günter M.},
  PUBLISHER = {Springer},
  DATE = {2010},
  TITLE = {Das {BUCH} der Beweise},
}

@BOOK{axler:2015,
  AUTHOR = {Axler, Sheldon},
  PUBLISHER = {Springer},
  DATE = {2015},
  TITLE = {{L}inear {A}lgebra {D}one {R}ight},
}

@MANUAL{lshort-german,
  AUTHOR = {Daniel, Marco and Schmidt, Walter A. and Gundlach, Patrick},
  URL = {https://ctan.org/pkg/lshort-german},
  DATE = {2018},
  TITLE = {\LaTeX2e{}-Kurzbeschreibung},
  URLDATE = {2025-10-10},
}

@BOOK{efhn:2016,
  AUTHOR = {Eisner, Tanja and Farkas, Bálint and Haase, Markus and Nagel, Rainer},
  PUBLISHER = {Springer},
  DATE = {2016},
  NUMBER = {272},
  TITLE = {Operator Theoretic Aspects of Ergodic Theory},
}

@MANUAL{l2tabu,
  AUTHOR = {Ensenbach, Marc and Trettin, Mark},
  URL = {https://ctan.org/pkg/l2tabu},
  DATE = {2016},
  SUBTITLE = {Obsolete packages and commands},
  TITLE = {The L2tabu package},
  URLDATE = {2025-10-10},
}

@BOOK{graetzer:2007,
  AUTHOR = {Grätzer, George},
  PUBLISHER = {Springer},
  DATE = {2007},
  TITLE = {More Math into \LaTeX},
}

@ARTICLE{lamport:dmv,
  AUTHOR = {Lamport, L.},
  DATE = {2000},
  DOI = {doi:10.1515/dmvm-2000-0020},
  JOURNALTITLE = {DMV Mitteilungen},
  NUMBER = {1},
  TITLE = {How (LA)\TeX{} changed the face of Mathematics. An E-Interview \mbox{with} Leslie Lamport, the author of \LaTeX{}},
  VOLUME = {8},
}

@BOOK{lamport:1986,
  AUTHOR = {Lamport, Leslie},
  PUBLISHER = {Addison Wesley},
  DATE = {1986},
  TITLE = {\LaTeX{}},
}

@MANUAL{latex-refsheet,
  AUTHOR = {Schubert, Elke and Lammarsch, Marion},
  URL = {https://ctan.org/pkg/latex-refsheet},
  DATE = {2021},
  TITLE = {\LaTeX{} Reference Sheet for a thesis with KOMA-Script},
  URLDATE = {2025-10-10},
}

@ARTICLE{urysohn:1925a,
  AUTHOR = {Urysohn, P.},
  DATE = {1925},
  DOI = {10.1007/BF01208659},
  JOURNALTITLE = {Math. Ann.},
  TITLE = {Über die {Mächtigkeit} der zusammenhängenden {Mengen}.},
  VOLUME = {94},
}

@BOOK{voss:2012a,
  AUTHOR = {Vo{ß}, Herbert},
  PUBLISHER = {Lehmanns},
  DATE = {2022},
  TITLE = {Einführung in \LaTeX},
}

