%% This BibTeX bibliography file was created using BibDesk.
%% https://bibdesk.sourceforge.io/

%% Created for Ulrich Groh at 2025-09-14 16:21:10 +0200 


%% Saved with string encoding Unicode (UTF-8) 



@manual{comment,
	author = {Victor Eijkhout},
	date-added = {2025-09-14 16:20:42 +0200},
	date-modified = {2025-09-14 16:21:10 +0200},
	title = {Das Paket \texttt{comment}},
	url = {https://ctan.org/pkg/comment},
	urldate = {2025-09-14},
	year = {2016},
	bdsk-url-1 = {https://ctan.org/pkg/l2tabu}}

@article{urysohn:1925a,
	author = {Urysohn, P.},
	doi = {10.1007/BF01208659},
	jfm = {51.0452.05},
	journal = {Math. Ann.},
	pages = {262--295},
	title = {{\"U}ber die {M{\"a}chtigkeit} der zusammenh{\"a}ngenden {Mengen}.},
	volume = {94},
	year = {1925},
	zbmath = {2592694},
	bdsk-url-1 = {https://doi.org/10.1007/BF01208659}}

@manual{l2tabu,
	author = {Ensenbach, Marc and Trettin, Mark},
	date = {2016},
	subtitle = {Obsolete packages and commands},
	title = {The L2tabu package},
	url = {https://ctan.org/pkg/l2tabu},
	urldate = {2021-07-26},
	bdsk-url-1 = {https://ctan.org/pkg/l2tabu}}

@manual{latex-refsheet,
	author = {Schubert, Elke and Lammarsch, Marion},
	date = {2021},
	title = {\LaTeX{} Reference Sheet for a thesis with KOMA-Script},
	url = {https://ctan.org/pkg/latex-refsheet},
	urldate = {2021-07-26},
	bdsk-url-1 = {https://ctan.org/pkg/latex-refsheet}}

@manual{lshort-german,
	author = {Daniel, Marco and Schmidt, Walter A. and Gundlach, Patrick},
	date = {2018},
	title = {\LaTeX2e{}-Kurzbeschreibung},
	url = {https://ctan.org/pkg/lshort-german},
	urldate = {2021-07-26},
	bdsk-url-1 = {https://ctan.org/pkg/lshort-german}}

@book{schechter,
	author = {Martin Schechter},
	publisher = {American Mathematical Society},
	title = {Principles of Functional Analysis, Second Edition},
	volume = {36},
	year = {2002}}

@book{schwartz-distributionen,
	author = {Laurent Schwartz},
	publisher = {Herrmann},
	title = {Th{\'e}orie des Distributions},
	year = {1966}}

@book{semadeni,
	author = {Z. Semadeni},
	publisher = {PWN Warschau},
	title = {Banach Spaces of Continuous Functions},
	year = {1971}}

@book{takesaki:2003b,
	author = {Masamichi Takesaki},
	publisher = {Springer},
	title = {Theory of Operator Algebras, III},
	volume = {127},
	year = {2003}}

@book{tao:analysis1,
	author = {Terence Tao},
	publisher = {Springer},
	title = {Analysis I},
	year = {2016}}

@book{tao:analysis2,
	author = {Terence Tao},
	publisher = {Springer},
	title = {Analysis II},
	year = {2016}}

@book{treves:2006,
	author = {Francoi{\c{c}}s Tr{\`e}ves},
	publisher = {Dover Publications, Inc.},
	title = {Topological Vector Spaces, Distributions and Kernels},
	year = {2006}}

@book{waerden:alg1,
	author = {B.L. van der Waerden},
	publisher = {Springer--Verlag},
	title = {Algebra (Erster Teil)},
	year = {1966}}

@book{waerden:alg2,
	author = {B.L. van der Waerden},
	publisher = {Springer--Verlag},
	title = {Algebra (Zweiter Teil)},
	year = {1967}}

@book{walker,
	author = {Walker, R.C.},
	publisher = {Springer--Verlag},
	title = {The Stone-{\v{C}}ech Compactification},
	url = {https://books.google.de/books?id=zhP2CAAAQBAJ},
	year = {2012},
	bdsk-url-1 = {https://books.google.de/books?id=zhP2CAAAQBAJ}}

@book{walter:ana1,
	author = {Wolfgang Walter},
	publisher = {Springer},
	title = {Analysis 1},
	year = {2003}}

@book{walter:ana2,
	author = {Wolfgang Walter},
	publisher = {Springer},
	title = {Analysis 2},
	year = {2002}}

@book{yosida:1980,
	author = {K{\^o}saku Yosida},
	publisher = {Springer},
	title = {Functional Analysis},
	year = {1980}}

@book{ln:1986,
	editor = {R. Nagel},
	publisher = {Springer},
	title = {One--parameter Semigroups of Positive Operators},
	volume = {1184},
	year = {1986}}

@book{runde:2008,
	author = {Volker Runde},
	publisher = {Springer},
	title = {A Taste of Topology},
	year = {2008}}

@book{sakai:1971,
	address = {Berlin AND Heidelberg AND New York},
	author = {Sh{\^o}ichir{\^o} Sakai},
	publisher = {Springer},
	title = {C*-Algebras and W*-Algebras},
	year = {1971}}

@book{pietsch:history,
	address = {Boston - Basel - Berlin},
	author = {Albrecht Pietsch},
	publisher = {Birkh{\"a}user},
	title = {History of Banach Spaces and Linear Operators},
	year = {2007}}

@book{hairer:wanner,
	author = {Ernst Hairer and Gerhard Wanner},
	publisher = {Springer},
	title = {Analysis in historischer Entwicklung},
	year = {2010}}

@book{halmos-measure,
	address = {New York AND Heidelberg AND Berlin},
	author = {Paul Halmos},
	publisher = {Springer},
	title = {Measure Theory},
	year = {1974}}

@book{halmos:1969,
	author = {Paul R. Halmos},
	publisher = {Vandenhoeck \& Ruprecht},
	title = {Naive Mengenlehre},
	year = {1969}}

@book{halmos:1972,
	address = {New York},
	author = {Paul R. Halmos},
	publisher = {Chelsea Publishing Company},
	title = {Introduction to Hilbert Space and the Theory of Spectral Multiplicity},
	year = {1972}}

@book{halmos:1974,
	address = {New York AND Heidelberg AND Berlin},
	author = {Paul R. Halmos},
	publisher = {Springer},
	title = {Finite-Dimensional Vector Spaces},
	year = {1974}}

@book{halmos:1974b,
	address = {New York AND Heidelberg AND Berlin},
	author = {Paul R. Halmos},
	publisher = {Springer},
	title = {A Hilbert Space Problem Book, Second Edition},
	year = {1982}}

@book{fischer-lieb-1,
	author = {Wolfgang Fischer AND Ingo Lieb},
	publisher = {Vieweg+Teubner},
	title = {Einf{\"u}hrung in die Komplexe Analysis},
	year = {2010}}

@book{fischer-lieb-2,
	author = {Wolfgang Fischer AND Ingo Lieb},
	publisher = {Vieweg+Teubner},
	title = {Funktionentheorie},
	year = {2008}}

@book{fischer:lieb,
	author = {Wolfgang Fischer AND Ingo Lieb},
	publisher = {Vieweg + Teubner},
	title = {Funktionentheorie},
	year = {2008}}

@book{grauert-liebb:einf-fkt,
	author = {Wolfgang Fischer AND Ingo Lieb},
	publisher = {Vieweg + Teubner},
	title = {Einf{\"u}hrung in die Komplexe Analysis},
	year = {2010}}

@book{engel-nagel:2006,
	author = {Klaus-Jochen Engel AND Rainer Nagel},
	publisher = {Springer},
	title = {A Short Course on Operator Semigroups},
	year = {2006}}

@book{engel-nagel:2000,
	address = {Berlin AND Heidelberg AND New York},
	author = {Klaus-Jochen Engel AND Rainer Nagel},
	number = {194},
	publisher = {Springer},
	title = {One-Paramter Semigroups for Linear Evolution Equations},
	year = {2000}}

@book{elstrodt,
	author = {J{\"u}rgen Elstrodt},
	publisher = {Springer},
	title = {Ma{\ss}- und Integrationstheorie},
	year = {2011}}

@book{banach:1932,
	address = {New York},
	author = {Stefan Banach},
	publisher = {Chelsea Publishing Company},
	title = {Th{\'e}orie des Op{\'e}rations Lin{\'e}aires},
	year = {1932}}

@book{beutelsbacher:2009,
	author = {Albrecht Beutelsbacher},
	publisher = {Vieweg+Teubner},
	title = {Das ist o.B.d.A. trivial!},
	year = {2009}}

@book{axler:2015,
	author = {Sheldon Axler},
	publisher = {Springer},
	title = {Linear Algebra Done Right},
	year = {2015}}

@book{appel:2009,
	author = {J{\"u}rgen Appell},
	publisher = {Springer},
	read = {1},
	title = {Analysis in Beispielen und Gegenbeispielen},
	year = {2009}}

@book{aigner:2010,
	author = {Martin Aigner AND G{\"u}nter M. Ziegler},
	publisher = {Springer},
	title = {Das BUCH der Beweise},
	year = {2010}}

@book{batkai:2016,
	author = {Andr{\'a}s B{\'a}tkai AND Marjeta Kramar Fijavz AND Abdelazis Rhandi},
	publisher = {Birkh{\"a}user},
	title = {Positive Operator Semigroups},
	year = {2016}}

@book{efhn:2016,
	author = {Tanja Eisner AND B{\'a}lint Farkas AND Markus Haase AND Rainer Nagel},
	number = {272},
	publisher = {Springer},
	title = {Operator Theoretic Aspects of Ergodic Theory},
	year = {2016}}

@book{kohm:2014,
	author = {Markus Kohm AND Jens-Uwe Morawski},
	publisher = {Lehmanns},
	title = {KOMA-Script},
	year = {2014}}

@book{kuemmerer-2016,
	author = {Burhard K{\"u}mmerer},
	publisher = {Springer},
	title = {Wie man mathematisch schreibt: Sprache -- Stil -- Formeln},
	year = {2016}}

@book{graetzer:2007,
	author = {George Gr{\"a}tzer},
	publisher = {Springer},
	title = {More Math into \LaTeX},
	year = {2007}}

@book{schaefer:tvs,
	author = {Helmut H. Schaefer},
	publisher = {Springer},
	title = {Topological Vector Spaces},
	year = {1971}}

@book{dixmier:cstar,
	address = {Amsterdam - New York - Oxford},
	author = {Jacques Dixmier},
	publisher = {North-Holland Publishing Company},
	title = {C$^{*}$-Algebras},
	year = {1977}}

@book{bonsall:1973,
	author = {Frank F. Bonsall AND John Duncan},
	number = {80},
	publisher = {Springer},
	title = {Complete Normed Algebras},
	year = {1973}}

@book{folland:real-analysis,
	address = {New York},
	author = {Gerald B. Folland},
	publisher = {John Wiley \& Sons, Inc.},
	title = {Real Analysis, Modern Techniques and Their Applications},
	year = {1999}}

@book{schaefer:bl,
	address = {Berlin AND Heidelberg AND New York},
	author = {Helmut H. Schaefer},
	publisher = {Springer--Verlag},
	title = {Banach Lattices and Positive Operators},
	year = {1974}}

@book{takesaki:1979,
	author = {Masamichi Takesaki},
	owner = {ugroh},
	publisher = {Springer},
	timestamp = {18.09.2008},
	title = {Theory of Operator Algebras},
	year = {1979}}

@book{takesaki:2003a,
	author = {Masamichi Takesaki},
	publisher = {Springer},
	title = {Theory of Operator Algebras, II},
	volume = {125},
	year = {2003}}

@book{bourbaki:spectrales,
	author = {Nikolas Bourbaki},
	publisher = {Hermann, Paris},
	title = {{\'E}l{\'e}ments de Math{\'e}matiques: Th{\'e}orie Spectrales},
	year = {1967}}

@book{bratteli:1979a,
	address = {New York AND Heidelberg AND Berlin},
	author = {Ola Bratteli and Derek W. Robinson},
	publisher = {Springer},
	title = {Operator Algebras and Quantum Statistical Mechanics I},
	year = {1979}}

@book{bratteli:1979b,
	address = {New York AND Heidelberg AND Berlin},
	author = {Ola Bratteli and Derek W. Robinson},
	publisher = {Springer},
	title = {Operator Algebras and Quantum Statistical Mechanics II},
	year = {1979}}

@book{dixmier:vna,
	author = {Jacques Dixmier},
	publisher = {Gauthiers-Villars Paris},
	title = {Les Alg{\'e}bre d'operat{\'e}urs dans l'{\'E}space Hilbertien (Alg{\'e}bres de von Neumann)},
	year = {1969}}

@book{kadison:1997a,
	author = {R.V. Kadison and J.R. Ringrose},
	publisher = {AMS},
	title = {Fundamentals of the Theory of Operator Algebras, Vol. I},
	year = {1997}}

@book{kadison:1997b,
	author = {R.V. Kadison and J.R. Ringrose},
	publisher = {AMS},
	title = {Fundamentals of the Theory of Operator Algebras, Vol. II},
	year = {1997}}

@book{pedersen:1979,
	address = {London},
	author = {Gert K. Pedersen},
	publisher = {Academic Press},
	title = {C*-Algebras and their Automorphism Groups},
	year = {1979}}

@book{pedersen:2000,
	address = {Berlin AND Heidelberg AND New York},
	author = {Gert K. Pedersen},
	publisher = {Springer},
	title = {Analysis Now!},
	year = {2000}}

@book{blackadar:2006,
	author = {Bruce Blackadar},
	publisher = {Springer},
	title = {Operator Algebras},
	year = {2006}}

@article{zabreiko:1969,
	author = {Zabrejko, P. P.},
	doi = {10.1007/BF01078277},
	journal = {Funct. Anal. Appl.},
	pages = {70--72},
	title = {A theorem for semiadditive functionals},
	volume = {3},
	year = {1969},
	zbl = {0199.21202},
	zbmath = {3317474},
	bdsk-url-1 = {https://doi.org/10.1007/BF01078277}}

@article{kahle:2018,
	author = {Reinhard Kahle and Isabel Oitavem},
	doi = {10.2478/kjps-2018-0001},
	journal = {Kairos. Journal of Philosophy \& Science},
	number = {1},
	pages = {1--11},
	title = {What is Hilbert's 24th Problem?},
	volume = {20},
	year = {2018},
	bdsk-url-1 = {https://doi.org/10.2478/kjps-2018-0001}}
